<?xml version="1.0" encoding="UTF-8"?><record xmlns="http://www.loc.gov/MARC21/slim" xmlns:cinclude="http://apache.org/cocoon/include/1.0" xmlns:zs="http://www.loc.gov/zing/srw/">
  <leader>00781nz  a2200169n  4500</leader>
  <controlfield tag="001">no2008081383</controlfield>
  <controlfield tag="003">DLC</controlfield>
  <controlfield tag="005">20080604075550.0</controlfield>
  <controlfield tag="008">080514n| acannaabn          |a ana     c</controlfield>
  <datafield tag="010" ind1=" " ind2=" ">
    <subfield code="a">no2008081383</subfield>
  </datafield>
  <datafield tag="035" ind1=" " ind2=" ">
    <subfield code="a">(OCoLC)oca07783700</subfield>
  </datafield>
  <datafield tag="040" ind1=" " ind2=" ">
    <subfield code="a">CSt</subfield>
    <subfield code="b">eng</subfield>
    <subfield code="c">CSt</subfield>
  </datafield>
  <datafield tag="110" ind1="2" ind2=" ">
    <subfield code="a">Leibniz-Sozietät der Wissenschaften</subfield>
  </datafield>
  <datafield tag="410" ind1="2" ind2=" ">
    <subfield code="a">Leibniz-Sozietät der Wissenschaften zu Berlin</subfield>
  </datafield>
  <datafield tag="510" ind1="2" ind2=" ">
    <subfield code="w">a</subfield>
    <subfield code="a">Leibniz-Sozietät</subfield>
  </datafield>
  <datafield tag="670" ind1=" " ind2=" ">
    <subfield code="a">Was ist Geschichte? 2008:</subfield>
    <subfield code="b">t.p. (Leibniz-Sozietät der Wissenschaften) t.p. verso (Leibniz-Sozietät der Wissenschaften; Leibniz-Sozietät)</subfield>
  </datafield>
  <datafield tag="670" ind1=" " ind2=" ">
    <subfield code="a">E-mail from Leibniz-Sozietät der Wissenschaften, May 31, 2008</subfield>
    <subfield code="b">(Leibniz-Sozietät founded in 1993; name changed to Leibniz-Sozietät der Wissenschaften zu Berlin in 2007; occasionally shorter form used)</subfield>
  </datafield>
</record>